<?xml version="1.0" encoding="utf-8"?>
<record xmlns="http://www.loc.gov/MARC21/slim" xmlns:xsi="http://www.w3.org/2001/XMLSchema-instance" xsi:schemaLocation="http://www.loc.gov/MARC21/slim http://www.loc.gov/standards/marcxml/schema/MARC21slim.xsd">
	<leader>     nam a22     Mi 4500</leader>
	<controlfield tag="001">b12603880</controlfield>
	<controlfield tag="003">LeBAU</controlfield>
	<controlfield tag="006">m        d        </controlfield>
	<controlfield tag="007">cr cn |||m|||a</controlfield>
	<controlfield tag="008">210518m19551963ua      o     ||1 0 ara d</controlfield>
	<datafield ind1=" " ind2=" " tag="040">
		<subfield code="a">ZYU</subfield>
		<subfield code="b">ara</subfield>
		<subfield code="e">rda</subfield>
		<subfield code="c">ZYU</subfield>
	</datafield>
	<datafield ind1="0" ind2="4" tag="082">
		<subfield code="a">892.7109</subfield>
		<subfield code="2">23</subfield>
	</datafield>
	<datafield ind1="0" ind2=" " tag="100">
		<subfield code="6">880-01</subfield>
		<subfield code="a">Abū al-Faraj al-Iṣbahānī,</subfield>
		<subfield code="d">897 or 898-967.</subfield>
		<subfield code="e">author.</subfield>
		<subfield code="0">http://id.loc.gov/authorities/names/n80065804 ,</subfield>
	</datafield>
	<datafield ind1="1" ind2="0" tag="240">
		<subfield code="6">880-02</subfield>
		<subfield code="a">Aghānī.</subfield>
		<subfield code="k">Selections</subfield>
	</datafield>
	<datafield ind1="1" ind2="0" tag="245">
		<subfield code="6">880-03</subfield>
		<subfield code="a">Tajrīd al-Aghānī /</subfield>
		<subfield code="c">taʼlīf ibn Wāṣil al-Ḥamwī, al-mutawaffá sanat 697 H. ; taḥqīq al-Duktūr Ṭāhā Ḥusayn wa-Ibrāhīm al-Abyārī.</subfield>
	</datafield>
	<datafield ind1=" " ind2="1" tag="264">
		<subfield code="6">880-04</subfield>
		<subfield code="a">al-Qāhirah :</subfield>
		<subfield code="b">Maṭbaʻat Miṣr, Sharikah Musāhimah Miṣrīyah,</subfield>
		<subfield code="c">1374-1383 [H.] = 1955-1963 [M.]</subfield>
	</datafield>
	<datafield ind1=" " ind2=" " tag="300">
		<subfield code="6">880-05</subfield>
		<subfield code="a">online resource (6 volumes)</subfield>
	</datafield>
	<datafield ind1=" " ind2=" " tag="336">
		<subfield code="a">text</subfield>
		<subfield code="2">rdacontent</subfield>
	</datafield>
	<datafield ind1=" " ind2=" " tag="337">
		<subfield code="a">computer</subfield>
		<subfield code="2">rdamedia</subfield>
	</datafield>
	<datafield ind1=" " ind2=" " tag="338">
		<subfield code="a">online resource</subfield>
		<subfield code="2">rdacarrier</subfield>
	</datafield>
	<datafield ind1=" " ind2=" " tag="500">
		<subfield code="a">Part of the Arabic Collections Online (ACO) project, contributed by American University of Beirut's Jafet Memorial Library.</subfield>
	</datafield>
	<datafield ind1=" " ind2=" " tag="533">
		<subfield code="a">Electronic reproduction.</subfield>
		<subfield code="b">New York, N.Y. :</subfield>
		<subfield code="c">New York University,</subfield>
		<subfield code="d">2021.</subfield>
		<subfield code="5">NNU</subfield>
	</datafield>
	<datafield ind1=" " ind2="0" tag="650">
		<subfield code="6">880-06</subfield>
		<subfield code="a">Arabic poetry</subfield>
		<subfield code="y">750-1258</subfield>
		<subfield code="x">History and criticism.</subfield>
	</datafield>
	<datafield ind1=" " ind2="0" tag="650">
		<subfield code="6">880-07</subfield>
		<subfield code="a">Poets, Arab</subfield>
		<subfield code="v">Biography.</subfield>
	</datafield>
	<datafield ind1=" " ind2="0" tag="650">
		<subfield code="6">880-08</subfield>
		<subfield code="a">Singers, Arab</subfield>
		<subfield code="v">Biography.</subfield>
	</datafield>
	<datafield ind1="1" ind2=" " tag="700">
		<subfield code="6">880-09</subfield>
		<subfield code="a">Ibyārī, Ibrāhīm.</subfield>
		<subfield code="d">1889-1973,</subfield>
		<subfield code="e">annotator.</subfield>
		<subfield code="0">http://id.loc.gov/authorities/names/n82119733 ,</subfield>
	</datafield>
	<datafield ind1="1" ind2=" " tag="700">
		<subfield code="6">880-10</subfield>
		<subfield code="a">Ibn Wāṣil, Muḥammad ibn Sālim,</subfield>
		<subfield code="d">1207 or 1208-1297 or 1298.</subfield>
		<subfield code="e">compiler.</subfield>
		<subfield code="0">http://id.loc.gov/authorities/names/n50014331 ,</subfield>
	</datafield>
	<datafield ind1="1" ind2=" " tag="700">
		<subfield code="6">880-11</subfield>
		<subfield code="a">Husayn, Taha,</subfield>
		<subfield code="e">annotator.</subfield>
		<subfield code="d">1889-1973.</subfield>
		<subfield code="0">http://id.loc.gov/authorities/names/n50014331 ,</subfield>
	</datafield>
	<datafield ind1="2" ind2=" " tag="710">
		<subfield code="a">Jafet Memorial Library.</subfield>
	</datafield>
	<datafield ind1="0" ind2=" " tag="730">
		<subfield code="a">Arabic Collections Online.</subfield>
	</datafield>
	<datafield ind1="0" ind2="8" tag="776">
		<subfield code="i">Print version:</subfield>
		<subfield code="a">Abū al-Faraj al-Iṣbahānī, 897 or 898-967. author. http://id.loc.gov/authorities/names/n80065804 ,</subfield>
		<subfield code="t">Tajrīd al-Aghānī</subfield>
		<subfield code="w">(LeBAU)b12603880</subfield>
	</datafield>
	<datafield ind1="4" ind2="0" tag="856">
		<subfield code="u">http://hdl.handle.net/2333.1/np5hqpc1</subfield>
	</datafield>
	<datafield ind1="0" ind2=" " tag="880">
		<subfield code="6">100-01</subfield>
		<subfield code="a">ابو الفرج الاصفهاني،</subfield>
		<subfield code="d">897 او 898-967،</subfield>
		<subfield code="0">http://id.loc.gov/authorities/names/n80065804 ,</subfield>
		<subfield code="e">مؤلف.</subfield>
		<subfield code="4">aut.</subfield>
	</datafield>
	<datafield ind1="1" ind2="0" tag="880">
		<subfield code="6">240-02</subfield>
		<subfield code="a">الاغاني</subfield>
		<subfield code="k">Selections</subfield>
	</datafield>
	<datafield ind1="1" ind2="0" tag="880">
		<subfield code="6">245-03</subfield>
		<subfield code="a">تجريد الاغاني /</subfield>
		<subfield code="c">تأليف بن واصل الحموي، المتوفى سنة 697 ه. ؛ تحقيق الدكتور طه حسين وابراهيم الابياري.</subfield>
	</datafield>
	<datafield ind1=" " ind2="1" tag="880">
		<subfield code="6">264-04</subfield>
		<subfield code="a">القاهرة :</subfield>
		<subfield code="b">مطبعة مصر، شركة مساهمة مصرية،</subfield>
		<subfield code="c">1374-1382 [هـ.] = 1955-1963 [م.]</subfield>
	</datafield>
	<datafield ind1=" " ind2=" " tag="880">
		<subfield code="6">300-05</subfield>
		<subfield code="a">6 أجزاء</subfield>
		<subfield code="c">25 سم</subfield>
	</datafield>
	<datafield ind1=" " ind2=" " tag="880">
		<subfield code="6">500-00</subfield>
		<subfield code="a">3 أجزاء ببليوغرافية في 6 أجزاء مادية.</subfield>
	</datafield>
	<datafield ind1=" " ind2=" " tag="880">
		<subfield code="6">500-00</subfield>
		<subfield code="a">يتضمن كشافات.</subfield>
	</datafield>
	<datafield ind1=" " ind2="4" tag="880">
		<subfield code="6">650-06</subfield>
		<subfield code="a">الشعر العربي</subfield>
		<subfield code="y">750-1258</subfield>
		<subfield code="x">تاريخ ونقد.</subfield>
	</datafield>
	<datafield ind1=" " ind2="4" tag="880">
		<subfield code="6">650-07</subfield>
		<subfield code="a">الشعراء العرب</subfield>
		<subfield code="v">تراجم.</subfield>
	</datafield>
	<datafield ind1=" " ind2="4" tag="880">
		<subfield code="6">650-08</subfield>
		<subfield code="a">المغنون العرب</subfield>
		<subfield code="v">تراجم.</subfield>
	</datafield>
	<datafield ind1="1" ind2=" " tag="880">
		<subfield code="6">700-09</subfield>
		<subfield code="a">الابياري، ابراهيم،</subfield>
		<subfield code="d">1889-1973.</subfield>
		<subfield code="0">http://id.loc.gov/authorities/names/n50014331 ,</subfield>
		<subfield code="e">محقق.</subfield>
		<subfield code="4">ann.</subfield>
	</datafield>
	<datafield ind1="1" ind2=" " tag="880">
		<subfield code="6">700-10</subfield>
		<subfield code="a">ابن واصل، محمد بن سالم،</subfield>
		<subfield code="d">1207 او 1208-1297 او 1298،</subfield>
		<subfield code="0">http://id.loc.gov/authorities/names/n50014331 ,</subfield>
		<subfield code="e">معد.</subfield>
		<subfield code="4">com.</subfield>
	</datafield>
	<datafield ind1="1" ind2=" " tag="880">
		<subfield code="6">700-11</subfield>
		<subfield code="a">حسين، طه،</subfield>
		<subfield code="0">http://id.loc.gov/authorities/names/n82119733 ,</subfield>
		<subfield code="e">محقق.</subfield>
		<subfield code="4">ann.</subfield>
	</datafield>
	<datafield ind1=" " ind2=" " tag="959">
		<subfield code="a">NNU</subfield>
		<subfield code="b">WEB</subfield>
		<subfield code="c">GENI</subfield>
		<subfield code="t">0</subfield>
		<subfield code="m">Electronic access</subfield>
		<subfield code="s">01</subfield>
	</datafield>
	<datafield ind1=" " ind2=" " tag="999">
		<subfield code="i">LeBAU_b12603880</subfield>
		<subfield code="s">aub_aco004635:pt.1  v.1</subfield>
		<subfield code="s">aub_aco004636:pt.1  v.2</subfield>
		<subfield code="s">aub_aco004637:pt.1  v.3</subfield>
		<subfield code="s">aub_aco004638:pt.2  v.1</subfield>
		<subfield code="s">aub_aco004639:pt.2  v.2</subfield>
		<subfield code="s">aub_aco004640:pt.2  v.3</subfield>
		<subfield code="e">(ERROR-MISC)</subfield>
		<subfield code="s">aub_aco004635:pt.1  v.1</subfield>
		<subfield code="s">aub_aco004636:pt.1  v.2</subfield>
		<subfield code="s">aub_aco004637:pt.1  v.3</subfield>
		<subfield code="s">aub_aco004638:pt.2  v.1</subfield>
		<subfield code="s">aub_aco004639:pt.2  v.2</subfield>
		<subfield code="s">aub_aco004640:pt.2  v.3</subfield>
	</datafield>
</record>
